@book{Fletcher2012,
  title={Clinical epidemiology: the essentials},
  author={Fletcher, Robert H and Fletcher, Suzanne W and Fletcher, Grant S},
  year={2012},
  publisher={Lippincott Williams \& Wilkins}
}

@article{Volzke2011,
	author = {V{\"o}lzke, Henry and Alte, D and Schmidt, C and others},
	title = {{Cohort Profile: The Study of Health in Pomerania}},
	journal = {International Journal of Epidemiology},
	year = {2011},
	volume = {40},
	number = {2},
	pages = {294--307}
}

@INBOOK{Preim2014,
	chapter = {{Visual Analytics of Image-Centric Cohort Studies in Epidemiology}},
	pages = {},
	title = {Visualization in Medicine and Life Sciences III},
	publisher = {Springer},
	year = {2015},
	note = {in print},
	author = {Bernhard Preim and Paul Klemm and Helwig Hauser and Katrin Hegenscheid and Steffen Oeltze and Klaus Toennies and Henry V{\"o}lzke}
}

@inproceedings{Gresh2000,
	author = {Gresh, D L and Rogowitz, B E and Winslow, R L and Scollan, D F and Yung, C K},
	title = {{WEAVE: a system for visually linking 3-D and statistical visualizations applied to cardiac simulation and measurement data}},
	booktitle = {Proc. of {IEEE} Visualization},
	year = {2000},
	pages = {489--492}
}

@article{Blaas2007,
	author = {Blaas, J. and Botha, C.P. and Post, F.H.},
	title = {{Interactive visualization of multi-field medical data using linked physical and feature-space views}},
	journal = {Proc. of EuroVis' 07},
	year = {2007},
	pages = {123--130}
}

@article{Steenwijk,
	author = {Steenwijk, M.D. and Milles, J and van Buchem, M.A. and Reiber, J H C and Botha, C.P.},
	title = {{Integrated Visual Analysis for Heterogeneous Datasets in Cohort Studies}},
	journal = {Proc. of {IEEE} VisWeek Workshop on Visual Analytics in Health Care},
	year = {2010}
}

@INPROCEEDINGS{Klemm2014BVM,
	author = {Paul Klemm and Lisa Frauenstein and David Perlich and Katrin Hegenscheid
	and Henry V{\"o}lzke and Bernhard Preim},
	title = {{Clustering Socio-demographic and Medical Attribute Data in Cohort
	Studies}},
	booktitle = {{Bildverarbeitung f{\"u}r die Medizin (BVM)}},
	year = {2014},
	pages = {180--185}
}

@INPROCEEDINGS{Klemm2013VMV,
	author = {Paul Klemm and Kai Lawonn and Marko Rak and Bernhard Preim and Klaus
	T{\"o}nnies and Katrin Hegenscheid and Henry V{\"o}lzke and Steffen Oeltze},
	title = {{Visualization and Analysis of Lumbar Spine Canal Variability in
	Cohort Study Data}},
	booktitle = {{Proc. of VMV - Vision, Modeling {\&} Visualization}},
	year = {2013},
	pages = {121--128}
}

@inproceedings{Zhang2012,
  title={Interactive Visual Patient Cohort Analysis},
  author={Zhang, Zhiyuan and Gotz, David and Perer, Adam},
  booktitle={Proc. of {IEEE} VisWeek Workshop on Visual Analytics in Health Care},
  year={2012}
}

@inproceedings{Dai2005,
  title={{Visualization Based Approach for Exploration of Health Data and Risk Factors}},
  author={Dai, Xiping and Gahegan, Mark},
  booktitle={Proc. of the International Conference on GeoComputation. University of Michigan, USA},
  volume={31},
  year={2005}
}

@article{Chui2011,
  title={{Visual Analytics for Epidemiologists: Understanding the Interactions Between age, Time, and Disease With Multi-panel Graphs}},
  author={Chui, Kenneth KH and Wenger, Julia B and Cohen, Steven A and Naumova, Elena N},
  journal={PloS one},
  volume={6},
  number={2},
  year={2011},
  publisher={Public Library of Science}
}

@article{Caban2011,
	author = {Caban, J J and Rheingans, P and Yoo, T},
	title = {{An Evaluation of Visualization Techniques to Illustrate Statistical Deformation Models}},
	journal = {Computer Graphics Forum},
	year = {2011},
	volume = {30},
	number = {3},
	pages = {821--830}
}

@article{Busking2010a,
	author = {Busking, S. and Botha, C.P. and Post, F.H.},
	title = {{Dynamic Multi-View Exploration of Shape Spaces}},
	journal = {Computer Graphics Forum},
	year = {2010},
	volume = {29},
	number = {3},
	pages = {973--982},
	annote = {http://code.google.com/p/shapespaceexplorer/}
}

@INPROCEEDINGS{Hermann2014,
	author = {Hermann, Max and Schunke, Anja C. and Schultz, Thomas and Klein, Reinhard},
	title = {A Visual Analytics Approach to Study Anatomic Covariation},
	booktitle = {{IEEE} PacificVis 2014},
	pages={161--168},
	year={2014},
}

@article{Chou2009,
	author = {Chou, Yi-Yu and Lepor{\'e}, Natasha and Avedissian, Christina and Madsen, Sarah K and Parikshak, Neelroop and Hua, Xue and Shaw, Leslie M and Trojanowski, John Q and Weiner, Michael W and Toga, Arthur W and Thompson, Paul M and {Alzheimer's Disease Neuroimaging Initiative}},
	title = {{Mapping correlations between ventricular expansion and CSF amyloid and tau biomarkers in 240 subjects with Alzheimer's disease, mild cognitive impairment and elderly controls.}},
	journal = {NeuroImage},
	year = {2009},
	volume = {46},
	number = {2},
	pages = {394--410},
	month = jun
}

@article{Konyha2009,
  title =      "Interactive Visual Analysis in Engineering: A Survey",
	author = {Konyha, Zolt{\'a}n and Matkovic, Kre{\v{s}}imir and Hauser, Helwig},
  journal = {Proc. of Spring Conference on Computer Graphics (SCCG 2009)},
  year =       "2009",
  pages =      "31--38",
  publisher =  "ACM",
}

@INPROCEEDINGS{Buja91, 
	author={Buja, Andreas and McDonald, J.A. and Michalak, J. and Stuetzle, W.}, 
	booktitle={Proc. of IEEE Visualization}, 
	title={Interactive data visualization using focusing and linking}, 
	year={1991}, 
	pages={156-163, 419}
}

@ARTICLE{Oeltze2007,
	author = {Steffen Oeltze and Helmut Doleisch and Helwig Hauser and Philipp
	Muigg and Bernhard Preim},
	title = {{Interactive Visual Analysis of Perfusion Data}},
	journal = {{{IEEE} Transactions on Visualization and Computer Graphics (TVCG)}},
	year = {2007},
	volume = {13},
	pages = {1392--1399},
	number = {6}
}

@INPROCEEDINGS{Rak2013,
  author = {Marko Rak and Karin Engel and Klaus Toennies},
  title = {{Closed-Form Hierarchical Finite Element Models for Part-Based Object Detection}},
  booktitle = {Proc. of VMV - Vision, Modeling {\&} Visualization},
  year = {2013},
  pages = {137--144}
}

@article{Hegenscheid2013,
	author 		= {Hegenscheid, Katrin and Seipel, Rebecca and Schmidt, Carsten O and V{\"o}lzke, Henry and K{\"u}hn, Jens-Peter and Biffar, Reiner and Kroemer, Heyo K and Hosten, Norbert and Puls, Ralf},
	title 		= {{Potentially relevant incidental findings on research whole-body {MRI} in the general adult population: frequencies and management.}},
	journal 	= {European Radiology},
	year 			= {2013},
	volume 		= {23},
	number 		= {3},
	pages 		= {816--826}
}

@incollection{Turkay,
  title={{Hypothesis Generation by Interactive Visual Exploration of Heterogeneous Medical Data}},
  author={Turkay, Cagatay and Lundervold, Arvid and Lundervold, Astri Johansen and Hauser, Helwig},
  booktitle={Human-Computer Interaction and Knowledge Discovery in Complex, Unstructured, Big Data},
  pages={1--12},
  year={2013},
  publisher={Springer}
}

@book{Thomas2005,
  title={Illuminating the path: The research and development agenda for visual analytics},
  author={Thomas, James J and Cook, Kristin A},
  year={2005},
  publisher={IEEE Computer Society Press}
}

@MISC{Oeltze2013,
	author = {Steffen Oeltze and Helwig Hauser and Johannes Kehrer},
	title = {Interactive Visual Analysis of Scientific Data},
	year = {2013},
	note = {Half Day Tutorial at IEEE VIS, Seattle, WA, U.S.}
}

@article{Gloger2010,
  title={{A fully automatic three-step liver segmentation method on LDA-based probability maps for multiple contrast {MR} images}},
  author={Gloger, Oliver and K{\"u}hn, Jens and Stanski, Adam and V{\"o}lzke, Henry and Puls, Ralf},
  journal={Magnetic Resonance Imaging},
  volume={28},
  number={6},
  pages={882--897},
  year={2010},
  publisher={Elsevier}
}

@article{Gloger2012,
  title={Prior shape level set segmentation on multistep generated probability maps of {MR} datasets for fully automatic kidney parenchyma volumetry},
  author={Gloger, Oliver and T{\"o}nnies, Klaus Dietz and Liebscher, Volkmar and Kugelmann, Bernd and Laqua, Rene and V{\"o}lzke, Henry},
  journal={{IEEE} Transactions on Medical Imaging},
  volume={31},
  number={2},
  pages={312--325},
  year={2012},
  publisher={IEEE}
}

@article{Ferrarini2007,
  title={GAMEs: growing and adaptive meshes for fully automatic shape modeling and analysis},
  author={Ferrarini, Luca and Olofsen, Hans and Palm, Walter M and Van Buchem, Mark A and Reiber, Johan HC and Admiraal-Behloul, Faiza},
  journal={Medical image analysis},
  volume={11},
  number={3},
  pages={302--314},
  year={2007},
  publisher={Elsevier}
}

@article{Francois2013,
  title={{GPLOM: the Generalized Plot Matrix for Visualizing Multidimensional Multivariate Data}},
  author={Im, Jean-Fran{\c{c}}ois and McGuffin, Michael J and Leung, Rock},
  journal={{IEEE} Transactions on Visualization and Computer Graphics},
  volume={19},
  number={12},
  pages={2606--2614},
  year={2013},
  publisher={IEEE}
}

@article{GPLOMS,
  title={{The Generalized Pairs Plot}},
  author={Emerson, John W and Green, Walton A and Schloerke, Barret and Crowley, Jason and Cook, Dianne and Hofmann, Heike and Wickham, Hadley},
  journal={Journal of Computational and Graphical Statistics},
  volume={22},
  number={1},
  pages={79--91},
  year={2013},
  publisher={Taylor \& Francis Group}
}

@book{Rudas1998,
  title={Odds ratios in the analysis of contingency tables},
  author={Rudas, Tam{\'a}s},
  number={119},
  year={1998},
  publisher={Sage}
}

@article{Thew2009,
	author = {Thew, S and Sutcliffe, A and Procter, R and de Bruijn, O and McNaught, J and Venters, C C and Buchan, I},
	title = {{Requirements Engineering for e-Science: Experiences in Epidemiology}},
	journal = {Software, IEEE},
	year = {2009},
	volume = {26},
	number = {1},
	pages = {80--87}
}

@article{GraphCut,
  title={Exact maximum a posteriori estimation for binary images},
  author={Greig, DM and Porteous, BT and Seheult, Allan H},
  journal={Journal of the Royal Statistical Society. Series B (Methodological)},
  pages={271--279},
  year={1989},
  publisher={JSTOR}
}

@book{CramerV,
  title={Mathematical methods of statistics},
  author={Cram{\'e}r, Harald},
  volume={9},
  year={1946},
  publisher={Princeton university press}
}

@article{Backpain,
	title = "Low back pain",
	journal = "Best Practice \& Research Clinical Rheumatology",
	volume = "16",
	number = "5",
	pages = "761 - 775",
	year = "2002",
	note = "",
	issn = "1521-6942",
	doi = "10.1053/berh.2002.0267",
	url = "http://www.sciencedirect.com/science/article/pii/S1521694202902676",
	author = "Maurits van Tulder and Bart Koes and Claire Bombardier",
}

@article{Hegenscheid2013,
	author 		= {Hegenscheid, Katrin and Seipel, Rebecca and Schmidt, Carsten O and V{\"o}lzke, Henry and K{\"u}hn, Jens-Peter and Biffar, Reiner and Kroemer, Heyo K and Hosten, Norbert and Puls, Ralf},
	title 		= {{Potentially relevant incidental findings on research whole-body {MRI} in the general adult population: frequencies and management.}},
	journal 	= {European Radiology},
	year 			= {2013},
	volume 		= {23},
	number 		= {3},
	pages 		= {816--826}
}

@INPROCEEDINGS{Salvador2004,
  author = {Salvador, S. and Chan, P.},
  title = {{Determining the Number of Clusters/Segments in Hierarchical Clustering/Segmentation Algorithms}},
  booktitle = {Proc. of Tools with Artificial Intelligence. ICTAI},
  year = {2004},
  pages = {576 - 584}
}

@inproceedings{Shneiderman1996,
  title={The eyes have it: A task by data type taxonomy for information visualizations},
  author={Shneiderman, Ben},
  booktitle={Proc. of Visual Languages},
  pages={336--343},
  year={1996},
  organization={IEEE}
}

@article{Lang2011,
  title={Differences on spinal curvature in standing position by gender, age and weight status using a noninvasive method.},
  author={Lang-Tapia, Morin and Espa{\~n}a-Romero, Vanesa and Anelo, Juan and Castillo, Manuel J},
  journal={Journal of applied biomechanics},
  volume={27},
  number={2},
  year={2011}
}

@article{Harreby1996,
  title={Epidemiological aspects and risk factors for low back pain in 38-year-old men and women: a 25-year prospective cohort study of 640 school children},
  author={Harreby, M and Kjer, J and Hessels{\o}e, G and Neergaard, K},
  journal={European Spine Journal},
  volume={5},
  number={5},
  pages={312--318},
  year={1996},
  publisher={Springer}
}

@techreport{Wiley2008,
  title={Hypothesis-free? No Such Thing},
  author={Wiley, HS},
  year={2008},
  institution={Pacific Northwest National Laboratory (PNNL), Richland, WA (US)}
}

@article{Ahima2013,
  title={The Health Risk of Obesity--Better Metrics Imperative},
  author={Ahima, Rexford S and Lazar, Mitchell A},
  journal={Science},
  volume={341},
  number={6148},
  pages={856--858},
  year={2013},
  publisher={American Association for the Advancement of Science}
}

@misc{Tufte2003,
  title={The cognitive style of PowerPoint: pitching out corrupts within Cheshire},
  author={Tufte, E},
  year={2003},
  publisher={CT: Graphics Press}
}

@book{Tufte1983,
  title={The visual display of quantitative information},
	author={Tufte, Edward},
	year={1983},
  publisher={CT: Graphics Press}
}

@article{ChiSquare,
  title={X. On the criterion that a given system of deviations from the probable in the case of a correlated system of variables is such that it can be reasonably supposed to have arisen from random sampling},
  author={Pearson, Karl},
  journal={The London, Edinburgh, and Dublin Philosophical Magazine and Journal of Science},
  volume={50},
  number={302},
  pages={157--175},
  year={1900},
  publisher={Taylor \& Francis}
}

@article{D3,
  title={{D$^3$ data-driven documents}},
  author={Bostock, Michael and Ogievetsky, Vadim and Heer, Jeffrey},
  journal={{IEEE} Transactions on Visualization and Computer Graphics},
  volume={17},
  number={12},
  pages={2301--2309},
  year={2011},
  publisher={IEEE}
}

@article{Hegenscheid2009,
	author = {Hegenscheid, K and Kuhn, J and V{\"o}lzke, H and Biffar, R and Hosten, N and Puls, R},
	title = {{Whole-Body Magnetic Resonance Imaging of Healthy Volunteers: Pilot Study Results from the Population-Based SHIP Study}},
	journal = {R{\"o}Fo - Fortschritte auf dem Gebiet der R{\"o}ntgenstrahlen und der bildgebenden Verfahren},
	year = {2009},
	volume = {181},
	number = {08},
	pages = {748--759}
}

@article{Niemann2014,
	author    = {Uli Niemann and Henry V{\"{o}}lzke and Jens{-}Peter K{\"{u}}hn and Myra Spiliopoulou},
	title     = {Learning and inspecting classification rules from longitudinal epidemiological data to identify predictive features on hepatic steatosis},
	journal   = {Expert Systems with Applications},
	volume    = {41},
	number    = {11},
	pages     = {5405--5415},
	year      = {2014},
}

@article{Cochran1952,
  title={The $\chi$2 test of goodness of fit},
  author={Cochran, William G},
  journal={The Annals of Mathematical Statistics},
  pages={315--345},
  year={1952}
}

@article{Lemasters1989,
	title = "Employment status as a confounder when assessing occupational exposures and spontaneous abortion",
	journal = "Journal of Clinical Epidemiology",
	volume = "42",
	number = "10",
	pages = "975 - 981",
	year = "1989",
	author = "Grace K. Lemasters and Susan M. Pinney"
}

@article {SimpsonsParadox,
	title = {Confounding and Simpson{\textquoteright}s paradox},
	journal = {BMJ},
	volume = {309},
	number = {6967},
	year = {1994},
	month = {12},
	pages = {1480--1481},
	author = {Steven A Julious and Mark A Mullee}
}

@article{Lam2012,
	title={{Empirical Studies in Information Visualization: Seven Scenarios}},
	author={Lam, Heidi and Bertini, Enrico and Isenberg, Petra and Plaisant, Catherine and Carpendale, Sheelagh},
	journal={{IEEE} Transactions on Visualization and Computer Graphics},
	volume={18},
	number={9},
	pages={1520--1536},
	year={2012},
	publisher={IEEE}
}

@inproceedings{Baldonado2000,
	title={Guidelines for Using Multiple Views in Information Visualization},
	author={Wang Baldonado, Michelle Q and Woodruff, Allison and Kuchinsky, Allan},
	booktitle={Proc. of the Working Conference on Advanced Visual Interfaces},
	pages={110--119},
	year={2000},
	organization={ACM}
}

@inproceedings{Lammarsch2011,
	title={Towards a concept how the structure of time can support the visual analytics process},
	author={Lammarsch, Tim and Aigner, Wolfgang and Bertone, Alessio and Miksch, Silvia and Rind, Alexander},
	booktitle={Proc. of the Int. Workshop Visual Analytics},
	pages={9--12},
	year={2011}
}

@article{Weaver2010,
	title={Cross-filtered views for multidimensional visual analysis},
	author={Weaver, Chris},
	journal={{IEEE} Transactions on Visualization and Computer Graphics},
	volume={16},
	number={2},
	pages={192--204},
	year={2010},
	publisher={IEEE}
}

@ARTICLE{Oeltze2011, 
	author={Oeltze, S. and Freiler, W. and Hillert, R. and Doleisch, H. and Preim, B. and Schubert, W.}, 
	journal={{IEEE} Trans. on Visualization and Computer Graphics}, 
	title={{Interactive, Graph-based Visual Analysis of High-dimensional, Multi-parameter Fluorescence Microscopy Data in Toponomics}}, 
	year={2011}, 
	volume={17}, 
	number={12}, 
	pages={1882-1891}
}

@article{Angelelli,
  title={{Interactive Visual Analysis of Heterogeneous Cohort Study Data}},
  author={Angelelli, Paolo and Oeltze, Steffen and Turkay, Cagatay and Haasz, Judit and Hodneland, Erlend and Lundervold, Arvid and Preim, B and Hauser, H},
  year={2014},
	journal={{IEEE} Computer Graphics and Applications},
  publisher={IEEE},
	note = {in print}
}

@article{Toennies2015,
  title={{Image Analysis in Epidemiological Applications}},
  author={Toennies, Klaus D and Gloger, Oliver and Rak, Marko and Winkler, Charlotte and Klemm, Paul and Preim, Bernhard and V{\"o}lzke, Henry},
  journal={it-Information Technology},
  volume={57},
  number={1},
  pages={22--29},
  year={2015}
}

@article{Ivanovska2014,
	title={{A Level Set Based Framework for Quantitative Evaluation of Breast Tissue Density from MRI Data}},
	author={Ivanovska, Tatyana and Laqua, Ren{\'e} and Wang, Lei and Liebscher, Volkmar and V{\"o}lzke, Henry and Hegenscheid, Katrin},
	journal={PloS one},
	volume={9},
	number={11},
	pages={e112709},
	year={2014},
	publisher={Public Library of Science}
}

@phdthesis{CFS,
	address = {Hamilton, New Zealand},
	author = {M. A. Hall},
	school = {University of Waikato},
	title = {{Correlation-based Feature Subset Selection for Machine Learning}},
	year = {1998}
}

@book{Keim,
	title={{Visual Analytics: Scope and Challenges}},
	author={Keim, Daniel A and Mansmann, Florian and Schneidewind, J{\"o}rn and Thomas, Jim and Ziegler, Hartmut},
	year={2008},
	publisher={Springer}
}

@article{WEKA,
	title={{The WEKA Data Mining Software: An Update}},
	author={Hall, Mark and Frank, Eibe and Holmes, Geoffrey and Pfahringer, Bernhard and Reutemann, Peter and Witten, Ian H},
	journal={ACM SIGKDD explorations newsletter},
	volume={11},
	number={1},
	pages={10--18},
	year={2009},
	publisher={ACM}
}

@article{Mccormack2006,
  title={{Breast Density and Parenchymal Patterns as Markers of Breast Cancer Risk: a Meta-analysis}},
  author={McCormack, Valerie A and dos Santos Silva, Isabel},
  journal={Cancer Epidemiology Biomarkers \& Prevention},
  volume={15},
  number={6},
  pages={1159--1169},
  year={2006},
  publisher={AACR}
}

@article{Tukey,
	title={{Exploratory Data Analysis}},
	author={Tukey, John W},
	journal={Reading, Ma},
	volume={231},
	pages={32},
	year={1977}
}

@article{Schreck,
	title={{Visual Analysis of Social Media Data}},
	author={Schreck, Tobias and Keim, Daniel},
	journal={Computer},
	volume={46},
	number={5},
	pages={68--75},
	year={2013},
	publisher={IEEE}
}

@article{Rind,
	author = {Rind, Alexander and Wang, Taowei David and Aigner, Wolfgang and Miksch, Silvia and Wongsuphasawat, Krist and Plaisant, Catherine and Shneiderman, Ben},
	title = {{Interactive Information Visualization to Explore and Query Electronic Health Records}},
	journal = {Foundations and Trends in Human-Computer Interaction},
	issue_date = {February 2013},
	volume = {5},
	number = {3},
	year = {2013},
	issn = {1551-3955},
	pages = {207--298},
	numpages = {92},
}

@article{Shneiderman2013,
	title={{Improving Healthcare With Interactive Visualization}},
	author={Shneiderman, Ben and Plaisant, Catherine and Hesse, Bradford W},
	journal={Computer},
	volume = {46},
	number={5},
	pages={58--66},
	year={2013},
	publisher={IEEE}
}

@article{Zhang2014,
	title={{Iterative Cohort Analysis and Exploration}},
	author={Zhang, Zhiyuan and Gotz, David and Perer, Adam},
	journal={Information Visualization},
	Note = {Published Online First, doi:10.1177/1473871614526077},
	doi="10.1177/1473871614526077",
	year={2014},
	publisher={SAGE Publications}
}

@article{Piringer,
	title={{HyperMoVal: Interactive Visual Validation of Regression Models for Real-Time Simulation}},
	author={Piringer, Harald and Berger, Wolfgang and Krasser, J{\"u}rgen},
	journal={Computer Graphics Forum},
	volume={29},
	number={3},
	pages={983--992},
	year={2010},
	organization={Wiley Online Library}
}

@article{Chan,
 author = {Chan, Yu-Hsuan and Correa, Carlos D. and Ma, Kwan-Liu},
 title = {{Regression Cube: A Technique for Multidimensional Visual Exploration and Interactive Pattern Finding}},
 journal = {ACM Transactions on Interactive Intelligent Systems},
 volume = {4},
 number = {1},
 year = {2014},
 issn = {2160-6455},
 pages = {7:1--7:32},
 articleno = {7},
 numpages = {32},
} 

@inproceedings{Ahmadi,
	title={{The Sparse Regression Cube: a Reliable Modeling Technique for Open Cyber-physical Systems}},
	author={Ahmadi, Hossein and Abdelzaher, Tarek and Han, Jiawei and Pham, Nam and Ganti, Raghu K},
	booktitle={Proc. of {IEEE}/{ACM} Second International Conference on Cyber-Physical Systems},
	pages={87--96},
	year={2011}
}

@inproceedings{Albuquerque,
	author    = {Georgia Albuquerque and Martin Eisemann and Thomas L{\"{o}}we and Marcus A. Magnor},
	title     = {{Hierarchical Brushing of High-Dimensional Data Sets Using Quality Metrics}},
	booktitle = {Proc. of VMV - Vision, Modeling {\&} Visualization},
	pages     = {119--126},
	year      = {2014},
}

@article{Bertini, 
	author={Bertini, E. and Tatu, A. and Keim, D.}, 
	journal={{IEEE} Transactions on Visualization and Computer Graphics}, 
	title={{Quality Metrics in High-dimensional Data Visualization: an Overview and Systematization}}, 
	year={2011}, 
	volume={17}, 
	number={12}, 
	pages={2203-2212}, 
}

@article{Ooms,
	author    = {Jeroen Ooms},
	title     = {{The OpenCPU System: Towards a Universal Interface for Scientific Computing Through Separation of Concerns}},
	journal   = {Computing Research Repository - arXiv},
	volume    = {abs/1406.4806},
	year      = {2014},
}

@inproceedings{Klemm2015,
	author={Paul Klemm and Sylvia Gla{\ss}er and Kai Lawonn and Marko Rak and Henry V{\"o}lzke and Katrin Hegenscheid and Bernhard Preim}, 
	booktitle={Proc. of Joint Conference on Computer Vision, Imaging and Computer Graphics Theory and Applications}, 
	title={{Interactive Visual Analysis of Lumbar Back Pain-What the Lumbar Spine Tells About Your Life}}, 
	year={2015},
	pages={85-92}
}

@article{Klemm2014VIS,
	author    = {Paul Klemm and Steffen Oeltze{-}Jafra and Kai Lawonn and Katrin Hegenscheid and Henry V{\"{o}}lzke and Bernhard Preim},
	title     = {{Interactive Visual Analysis of Image-Centric Cohort Study Data}},
	journal = {{IEEE} Trans. on Visualization and Computer Graphics}, 
	volume    = {20},
	number    = {12},
	pages     = {1673--1682},
	year      = {2014}
}

@inproceedings{Hielscher,
  author    = {Tommy Hielscher and Myra Spiliopoulou and Henry V{\"{o}}lzke and Jens{-}Peter K{\"{u}}hn},
  title     = {{Using Participant Similarity for the Classification of Epidemiological Data on Hepatic Steatosis}},
  booktitle = {{IEEE} Proc. of 27th International Symposium on Computer-Based Medical Systems},
  pages     = {1--7},
	month     = {May},
  year      = {2014},
}

@InProceedings{Niemann2015,
  Title                    = {{Can we Classify the Participants of a Longitudinal Epidemiological Study from Their Previous Evolution?}},
  Author                   = {Niemann, Uli and Hielscher, Tommy and Spiliopoulou, Myra and V{\"o}lzke, Henry and K{\"u}hn, Jens-Peter},
  Booktitle                = {Proc. of the 28th IEEE Int. Symposium on Computer-Based Medical Systems (CBMS15)},
  Year                     = {2015},
  Month                    = {June},
  Note                     = {in print},
  Biburl                   = {http://www.bibsonomy.org/bibtex/23b3388d69cd43d65276ef6e1d868b489/kmd-ovgu},
}

@article{Streetz2003,
  title={{Interleukin 6/Gp130-dependent Pathways are Protective During Chronic Liver Diseases}},
  author={Streetz, Konrad L and Tacke, Frank and Leifeld, Ludger and W{\"u}stefeld, Torsten and Graw, Andrea and Klein, Christian and Kamino, Kenjii and Spengler, Ulrich and Kreipe, Hans and Kubicka, Stefan and others},
  journal={Hepatology},
  volume={38},
  number={1},
  pages={218--229},
  year={2003},
  publisher={Wiley Online Library}
}

@article{He2013,
  title={{Identification of Liver Cancer Progenitors Whose Malignant Progression Depends on Autocrine IL-6 Signaling}},
  author={He, Guobin and Dhar, Debanjan and Nakagawa, Hayato and Font-Burgada, Joan and Ogata, Hisanobu and Jiang, Yuhong and Shalapour, Shabnam and Seki, Ekihiro and Yost, Shawn E and Jepsen, Kristen and others},
  journal={Cell},
  volume={155},
  number={2},
  pages={384--396},
  year={2013},
  publisher={Elsevier}
}

@article{Hong2004,
  title={{Interleukin 6 Alleviates Hepatic Steatosis and Ischemia/Reperfusion Injury in Mice With Fatty Liver Disease}},
  author={Hong, Feng and Radaeva, Svetlana and Pan, Hong-na and Tian, Zhigang and Veech, Richard and Gao, Bin},
  journal={Hepatology},
  volume={40},
  number={4},
  pages={933--941},
  year={2004},
  publisher={Wiley Online Library}
}

@misc{Gotz2014,
  title={{Iterative Refinement of Cohorts Using Visual Exploration and Data Analytics}},
  author={Gotz, D. and Perer, A. and Zhang, Z.},
  url={https://www.google.com/patents/US20140108380},
  year={2014},
  month=apr # "~17",
  publisher={Google Patents},
  note={US Patent App. 13/672,000}
}

@article{GraphicModelAssessment,
  title={{Graphical Methods for Assessing Logistic Regression Models}},
  author={Landwehr, James M and Pregibon, Daryl and Shoemaker, Anne C},
  journal={{Journal of the American Statistical Association}},
  volume={79},
  number={385},
  pages={61--71},
  year={1984},
  publisher={Taylor \& Francis Group}
}

@article{Sedlmair,
  author    = {Michael Sedlmair and
               Christoph Heinzl and
               Stefan Bruckner and
               Harald Piringer and
               Torsten M{\"{o}}ller},
  title     = {Visual Parameter Space Analysis: {A} Conceptual Framework},
  journal   = {{IEEE} Trans. Vis. Comput. Graph.},
  volume    = {20},
  number    = {12},
  pages     = {2161--2170},
  year      = {2014},
  url       = {http://dx.doi.org/10.1109/TVCG.2014.2346321},
  doi       = {10.1109/TVCG.2014.2346321},
  timestamp = {Thu, 13 Nov 2014 15:38:05 +0100},
  biburl    = {http://dblp.uni-trier.de/rec/bib/journals/tvcg/SedlmairHBPM14},
  bibsource = {dblp computer science bibliography, http://dblp.org}
}